<?xml version="1.0" encoding="UTF-8"?><collection xmlns="http://www.loc.gov/MARC21/slim"><record><leader>00353nam--2200133-i-4500</leader><controlfield tag="001">000039404</controlfield><controlfield tag="002">20161230</controlfield><controlfield tag="005">20161230201042</controlfield><controlfield tag="008">060222s1000------------r-----000-0-eng-d</controlfield><datafield ind1=" " ind2=" " tag="080"><subfield code="a">539.31:512.831</subfield></datafield><datafield ind1=" " ind2=" " tag="100"><subfield code="a">Robinson, John</subfield></datafield><datafield ind1=" " ind2=" " tag="245"><subfield code="a">Integrated theory of finite element methods</subfield></datafield><datafield ind1=" " ind2=" " tag="260"><subfield code="a">London, John Wiley &amp; Sons, 1973, Xxi + 428p</subfield></datafield><datafield ind1=" " ind2=" " tag="852"><subfield code="a">42439</subfield></datafield></record></collection>